<?xml version="1.0" encoding="UTF-8"?><collection xmlns="http://www.loc.gov/MARC21/slim"><record><leader>00487nam--2200145-i-4500</leader><controlfield tag="001">000011258</controlfield><controlfield tag="002">20161230</controlfield><controlfield tag="005">20161230201029</controlfield><controlfield tag="008">060222s1000------------r-----000-0-eng-d</controlfield><datafield ind1=" " ind2=" " tag="080"><subfield code="a">621.039.588(047)</subfield></datafield><datafield ind1=" " ind2=" " tag="100"><subfield code="a">Alm, M</subfield></datafield><datafield ind1=" " ind2=" " tag="245"><subfield code="a">Physiko-chemische aspekte der radionuklidruckhaltung bei havariefallen in kernkraftwerken mittels gebaudespruhanlagen literaturbericht</subfield></datafield><datafield ind1=" " ind2=" " tag="260"><subfield code="a">Berlin, Staatliches Amt Fur Atomsicherheit Und Strahlenschutz, 1976 20 P</subfield></datafield><datafield ind1=" " ind2=" " tag="490"><subfield code="a">192</subfield></datafield><datafield ind1=" " ind2=" " tag="852"><subfield code="a">51373</subfield></datafield></record></collection>